<?xml version="1.0" encoding="UTF-8"?><record xmlns="http://www.loc.gov/MARC21/slim" xmlns:cinclude="http://apache.org/cocoon/include/1.0" xmlns:zs="http://www.loc.gov/zing/srw/">
  <leader>00453cz  a2200133n  4500</leader>
  <controlfield tag="001">n  88234790 </controlfield>
  <controlfield tag="003">DLC</controlfield>
  <controlfield tag="005">19890812071727.1</controlfield>
  <controlfield tag="008">890628n| acannaab|          |n aaa |||  </controlfield>
  <datafield tag="010" ind1=" " ind2=" ">
    <subfield code="a">n  88234790 </subfield>
  </datafield>
  <datafield tag="040" ind1=" " ind2=" ">
    <subfield code="a">DLC</subfield>
    <subfield code="c">DLC</subfield>
  </datafield>
  <datafield tag="100" ind1="1" ind2="0">
    <subfield code="a">Belinfante, Johan G. F.</subfield>
  </datafield>
  <datafield tag="670" ind1=" " ind2=" ">
    <subfield code="a">His A survey of lie groups and lie algebras ... 1989:</subfield>
    <subfield code="b">CIP t.p. (Johan G.F. Belinfante, Carnegie-Mellon Univ., Pittsburgh)</subfield>
  </datafield>
  <datafield tag="670" ind1=" " ind2=" ">
    <subfield code="a">LC data base, 6/27/89</subfield>
    <subfield code="b">(hdg.: Belinfante, Johan G. F.)</subfield>
  </datafield>
</record>